<record><leader>00000cas a22000007a 4500</leader><controlfield tag="001">24510424</controlfield><controlfield tag="008">911007d19591959aruwr ne      0    0eng d</controlfield><datafield ind1=" " ind2=" " tag="010"><subfield code="a">sn 91050150 </subfield></datafield><datafield ind1=" " ind2=" " tag="040"><subfield code="a">ANU</subfield><subfield code="b">eng</subfield><subfield code="c">ANU</subfield><subfield code="d">OCLCQ</subfield></datafield><datafield ind1=" " ind2=" " tag="042"><subfield code="a">msc</subfield></datafield><datafield ind1=" " ind2=" " tag="043"><subfield code="a">n-us-ar</subfield></datafield><datafield ind1="0" ind2=" " tag="130"><subfield code="a">Star-sentinel (Manila, Ark.)</subfield></datafield><datafield ind1="1" ind2="4" tag="245"><subfield code="a">The Star-sentinel.</subfield></datafield><datafield ind1=" " ind2=" " tag="260"><subfield code="a">Manila, Ark. ;</subfield><subfield code="a">Leachville, Ark. :</subfield><subfield code="b">Jack Tipton</subfield></datafield><datafield ind1=" " ind2=" " tag="300"><subfield code="a">v.</subfield></datafield><datafield ind1=" " ind2=" " tag="310"><subfield code="a">Weekly</subfield></datafield><datafield ind1="0" ind2=" " tag="362"><subfield code="a">Vol. 1, no. 1 (June 22, 1959)-</subfield></datafield><datafield ind1="1" ind2=" " tag="362"><subfield code="a">Ceased in 1959.</subfield></datafield><datafield ind1=" " ind2="0" tag="651"><subfield code="a">Manila (Ark.)</subfield><subfield code="v">Newspapers.</subfield></datafield><datafield ind1=" " ind2="0" tag="651"><subfield code="a">Leachville (Ark.)</subfield><subfield code="v">Newspapers.</subfield></datafield><datafield ind1=" " ind2=" " tag="752"><subfield code="a">United States</subfield><subfield code="b">Arkansas</subfield><subfield code="c">Mississippi</subfield><subfield code="d">Manila.</subfield></datafield><datafield ind1=" " ind2=" " tag="752"><subfield code="a">United States</subfield><subfield code="b">Arkansas</subfield><subfield code="c">Mississippi</subfield><subfield code="d">Leachville.</subfield></datafield><datafield ind1="0" ind2="4" tag="780"><subfield code="t">Leachville star</subfield><subfield code="w">(DLC)sn 90050312</subfield></datafield><datafield ind1="0" ind2="4" tag="780"><subfield code="t">Manila sentinel (Manila, Ark. : 1952)</subfield><subfield code="w">(DLC)sn 90050318</subfield></datafield><datafield ind1="0" ind2="0" tag="785"><subfield code="t">Manila sentinel (Manila, Ark. : 1959)</subfield><subfield code="w">(DLC)sn 91050182</subfield></datafield><datafield ind1="1" ind2=" " tag="029"><subfield code="a">AU@</subfield><subfield code="b">000025859365</subfield></datafield></record>